<?xml version='1.0' encoding='utf-8'?>
<record xmlns="http://www.loc.gov/MARC21/slim" xmlns:xsi="http://www.w3.org/2001/XMLSchema-instance">
  <leader>00000ngm^a2200493^a^4500</leader>
  <controlfield tag="001">003446137</controlfield>
  <controlfield tag="005">20060707151834.0</controlfield>
  <controlfield tag="007">vf^mbahos</controlfield>
  <controlfield tag="008">000221s1995^^^^cau045^^^^^^^^^^^^vleng^d</controlfield>
  <datafield tag="028" ind1="0" ind2="2">
    <subfield code="b">ACCESS and Olive Branch Productions</subfield>
  </datafield>
  <datafield tag="035" ind1=" " ind2=" ">
    <subfield code="a">(OCoLC)ocm33991038</subfield>
  </datafield>
  <datafield tag="040" ind1=" " ind2=" ">
    <subfield code="a">IUL</subfield>
    <subfield code="c">IUL</subfield>
    <subfield code="d">NUI</subfield>
    <subfield code="d">OCL</subfield>
    <subfield code="d">HLS</subfield>
    <subfield code="d">BEU</subfield>
  </datafield>
  <datafield tag="041" ind1=" " ind2=" ">
    <subfield code="a">engara</subfield>
    <subfield code="b">eng</subfield>
  </datafield>
  <datafield tag="043" ind1=" " ind2=" ">
    <subfield code="a">n-us-mi</subfield>
  </datafield>
  <datafield tag="090" ind1=" " ind2=" ">
    <subfield code="a">E184.A65</subfield>
    <subfield code="b">T354 1995</subfield>
  </datafield>
  <datafield tag="245" ind1="0" ind2="0">
    <subfield code="a">Tales from Arab Detroit</subfield>
    <subfield code="h">[videorecording] /</subfield>
    <subfield code="c">ACCESS and Olive Branch Productions ; written and directed by Joan Mandell ; produced by Sally Howell, Joan Mandell.</subfield>
  </datafield>
  <datafield tag="260" ind1=" " ind2=" ">
    <subfield code="a">Los Angeles, CA :</subfield>
    <subfield code="b">Olive Branch Productions,</subfield>
    <subfield code="c">c1995.</subfield>
  </datafield>
  <datafield tag="300" ind1=" " ind2=" ">
    <subfield code="a">1 videocassette (45 min.) :</subfield>
    <subfield code="b">sd., col. with b&amp;w sequences ;</subfield>
    <subfield code="c">1/2 in.</subfield>
  </datafield>
  <datafield tag="538" ind1=" " ind2=" ">
    <subfield code="a">VHS, stereo.</subfield>
  </datafield>
  <datafield tag="500" ind1=" " ind2=" ">
    <subfield code="a">Documentary.</subfield>
  </datafield>
  <datafield tag="546" ind1=" " ind2=" ">
    <subfield code="a">Dialogue in English, and Arabic with English subtitles.</subfield>
  </datafield>
  <datafield tag="511" ind1="0" ind2=" ">
    <subfield code="a">Narrator: Bushra Karaman.</subfield>
  </datafield>
  <datafield tag="508" ind1=" " ind2=" ">
    <subfield code="a">Camera, Rich Wieske ; editors, Carolyn Rouse, Erika Surat Andersen, Joan Mandell ; narrator, Bushra Karaman ; original music, Marty Jabara ; associate producer, Andrew Shryrock.</subfield>
  </datafield>
  <datafield tag="520" ind1=" " ind2=" ">
    <subfield code="a">"When an Arab American community center brings an Egyptian poet to perform a 1000-year-old epic, sparks fly. The result is a familiar American tale: parents trying to pass on cherished traditions and language, while their children are at home in a world of McDonald's and MTV"--Container.</subfield>
  </datafield>
  <datafield tag="650" ind1=" " ind2="0">
    <subfield code="a">Arab Americans</subfield>
    <subfield code="x">Ethnic identity.</subfield>
  </datafield>
  <datafield tag="650" ind1=" " ind2="0">
    <subfield code="a">Arab Americans</subfield>
    <subfield code="z">Michigan</subfield>
    <subfield code="z">Detroit</subfield>
    <subfield code="x">Social conditions.</subfield>
  </datafield>
  <datafield tag="650" ind1=" " ind2="0">
    <subfield code="a">Arab Americans</subfield>
    <subfield code="z">Michigan</subfield>
    <subfield code="z">Detroit</subfield>
    <subfield code="x">Social life and customs.</subfield>
  </datafield>
  <datafield tag="650" ind1=" " ind2="0">
    <subfield code="a">Arab Americans</subfield>
    <subfield code="z">Michigan</subfield>
    <subfield code="z">Detroit</subfield>
    <subfield code="x">Music.</subfield>
  </datafield>
  <datafield tag="651" ind1=" " ind2="0">
    <subfield code="a">Detroit (Mich.)</subfield>
    <subfield code="x">Social conditions.</subfield>
  </datafield>
  <datafield tag="650" ind1=" " ind2="0">
    <subfield code="a">Storytelling</subfield>
    <subfield code="z">Michigan</subfield>
    <subfield code="z">Detroit.</subfield>
  </datafield>
  <datafield tag="650" ind1=" " ind2="0">
    <subfield code="a">Songs, Arabic.</subfield>
  </datafield>
  <datafield tag="650" ind1=" " ind2="0">
    <subfield code="a">Epic poetry, Arabic</subfield>
    <subfield code="z">Egypt.</subfield>
  </datafield>
  <datafield tag="650" ind1=" " ind2="0">
    <subfield code="a">Music</subfield>
    <subfield code="z">Arab countries.</subfield>
  </datafield>
  <datafield tag="650" ind1=" " ind2="0">
    <subfield code="a">Music</subfield>
    <subfield code="z">Michigan</subfield>
    <subfield code="z">Detroit.</subfield>
  </datafield>
  <datafield tag="655" ind1=" " ind2="0">
    <subfield code="a">Documentary films.</subfield>
  </datafield>
  <datafield tag="655" ind1=" " ind2="7">
    <subfield code="a">Videotapes.</subfield>
    <subfield code="2">aat</subfield>
  </datafield>
  <datafield tag="700" ind1="1" ind2=" ">
    <subfield code="a">Mandell, Joan.</subfield>
  </datafield>
  <datafield tag="700" ind1="1" ind2=" ">
    <subfield code="a">Howell, Sally.</subfield>
  </datafield>
  <datafield tag="710" ind1="2" ind2=" ">
    <subfield code="a">Arab Community Center for Economic and Social Services.</subfield>
  </datafield>
  <datafield tag="710" ind1="2" ind2=" ">
    <subfield code="a">Olive Branch Productions.</subfield>
  </datafield>
  <datafield tag="852" ind1="8" ind2=" ">
    <subfield code="a">MiU-H</subfield>
    <subfield code="b">BENT</subfield>
    <subfield code="h">0032 Aa 2</subfield>
  </datafield>
  <datafield tag="998" ind1=" " ind2=" ">
    <subfield code="c">LAC</subfield>
  </datafield>
  <datafield tag="955" ind1=" " ind2=" ">
    <subfield code="b">BENT</subfield>
    <subfield code="p">B1385623</subfield>
  </datafield>
</record>
